% @article {<citation key>,
%     author       = {},
%     title        = {},
%     journaltitle = {},
%     year         = {}
% }

% @online {<citation key>,
%     author = {},
%     title  = {},
%     year   = {},
%     url    = {}
% }

% @book {<citation key>,
%     author = {},
%     title  = {},
%     year   = {}
% }

@online {dummykey,
    author = {someauthor},
    title  = {sometitle},
    year   = {1994},
    url    = {someurl}
}